@article{marrero2019,
  author = {Marrero, Jos{\' e} and Garc{\' i}a, Alicia and Berrocoso, Manuel and Llinares, {\' A}ngeles and Rodr{\' i}guez-Losada, Antonio and Ortiz, R.},
  journal = {Journal of Applied Volcanology},
  year = {2019},
  month = {7},
  pages = {},
  title = {Strategies for the development of volcanic hazard maps in monogenetic volcanic fields: the example of {La} {Palma} ({Canary} {Islands})},
  volume = {8},
  doi = {10.1186/s13617-019-0085-5},
}

 @article{aloui2024, 
  author={Aloui, Sarra and Zghibi, Adel and Mazzoni, Annamaria and Elomri, Adel and Al-Ansari, Tareq}, 
  title={Identifying suitable zones for integrated aquifer recharge and flood control in arid Qatar using GIS-based multi-criteria decision-making}, 
  volume={25}, 
  ISSN={2352-801X}, 
  DOI={10.1016/j.gsd.2024.101137}, 
  journal={Groundwater for Sustainable Development}, 
  year={2024}, 
  month=may, 
  pages={101137} }

